@article{Battaglieri201591,
title = "The Heavy Photon Search test detector ",
journal = "Nuclear Instruments and Methods in Physics Research Section A: Accelerators, Spectrometers, Detectors and Associated Equipment ",
volume = "777",
number = "",
pages = "91 - 101",
year = "2015",
note = "",
issn = "0168-9002",
doi = "http://dx.doi.org/10.1016/j.nima.2014.12.017",
url = "http://www.sciencedirect.com/science/article/pii/S0168900214014582",
author = "M. Battaglieri and others", 
keywords = "Silicon",
keywords = "Tracking",
keywords = "Vertexing",
keywords = "Heavy photon",
keywords = "Dark photon",
keywords = "Electromagnetic calorimeter "
}

@article{Moreno:2013mja,
      author         = "Moreno, Omar",
      title          = "{The Heavy Photon Search Experiment at Jefferson Lab}",
      journal      = "{Meeting of the APS Division of Particles and Fields (DPF
                        2013) Santa Cruz, California, USA}",
      url            = "http://inspirehep.net/record/1257606/files/arXiv:1310.2060.pdf",
      year           = "2013",
      volume       = "arxiv:1310.2060",
      archivePrefix  = "arXiv",
      primaryClass   = "physics.ins-det",
      doi   = "ARXIV:1310.2060"
}

@article{PhysRevLett.108.222004,
  title = "Polarization Components in ${\ensuremath{\pi}}^{0}$ Photoproduction at Photon Energies up to 5.6 
      $\mbox{GeV}$",
  author = {Luo, W. and others},
  collaboration = {GEp-III and GEp2\ensuremath{\gamma} Collaborations},
  journal = {Phys. Rev. Lett.},
  volume = {108},
  issue = {22},
  pages = {222004},
  numpages = {6},
  year = {2012},
  month = {May},
  publisher = {American Physical Society},
  doi = {10.1103/PhysRevLett.108.222004},
  url = {http://link.aps.org/doi/10.1103/PhysRevLett.108.222004}
}


@article{PhysRevLett.106.132501,
  title = {Search for Effects Beyond the Born Approximation in Polarization Transfer Observables in $\stackrel{\ensuremath{\rightarrow}}{e}p$ Elastic Scattering},
  author = {Meziane, M. and others},    
  collaboration = {GEp2\ensuremath{\gamma} Collaboration},
  journal = {Phys. Rev. Lett.},
  volume = {106},
  issue = {13},
  pages = {132501},
  numpages = {6},
  year = {2011},
  month = {Mar},
  publisher = {American Physical Society},
  doi = {10.1103/PhysRevLett.106.132501},
  url = {http://link.aps.org/doi/10.1103/PhysRevLett.106.132501}
}

@article{PhysRevLett.104.242301,
  title = "Recoil Polarization Measurements of the Proton Electromagnetic Form Factor Ratio to $Q^{2}=8.5$ $\mbox{GeV}$",
  author = {Puckett, A. J. R. and others}, 
  journal = {Phys. Rev. Lett.},
  volume = {104},
  issue = {24},
  pages = {242301},
  numpages = {6},
  year = {2010},
  month = {Jun},
  publisher = {American Physical Society},
  doi = {10.1103/PhysRevLett.104.242301},
  url = {http://link.aps.org/doi/10.1103/PhysRevLett.104.242301}
}
